%YAML 1.1
%TAG !u! tag:unity3d.com,2011:
--- !u!1 &224363507953776504
GameObject:
  m_ObjectHideFlags: 0
  m_CorrespondingSourceObject: {fileID: 0}
  m_PrefabInstance: {fileID: 0}
  m_PrefabAsset: {fileID: 0}
  serializedVersion: 6
  m_Component:
  - component: {fileID: 220529895963904710}
  - component: {fileID: 245748629045026634}
  - component: {fileID: 237242351819115548}
  - component: {fileID: 286147770561652844}
  m_Layer: 0
  m_Name: Bathroom_Shower
  m_TagString: Untagged
  m_Icon: {fileID: 0}
  m_NavMeshLayer: 0
  m_StaticEditorFlags: 4294967295
  m_IsActive: 1
--- !u!4 &220529895963904710
Transform:
  m_ObjectHideFlags: 0
  m_CorrespondingSourceObject: {fileID: 0}
  m_PrefabInstance: {fileID: 0}
  m_PrefabAsset: {fileID: 0}
  m_GameObject: {fileID: 224363507953776504}
  m_LocalRotation: {x: 0.000000042146915, y: 0.70710576, z: 0.00000001123821, w: 0.7071079}
  m_LocalPosition: {x: -19.07, y: 3.8060205, z: 3.1700003}
  m_LocalScale: {x: 1, y: 1, z: 1}
  m_ConstrainProportionsScale: 0
  m_Children:
  - {fileID: 8876610761204477105}
  - {fileID: 2268228324139617495}
  - {fileID: 396509263765959914}
  m_Father: {fileID: 0}
  m_RootOrder: 0
  m_LocalEulerAnglesHint: {x: 0, y: 90.00001, z: 0}
--- !u!33 &245748629045026634
MeshFilter:
  m_ObjectHideFlags: 0
  m_CorrespondingSourceObject: {fileID: 0}
  m_PrefabInstance: {fileID: 0}
  m_PrefabAsset: {fileID: 0}
  m_GameObject: {fileID: 224363507953776504}
  m_Mesh: {fileID: 4300000, guid: e319fe3539cef824a957717ee5b3d6bf, type: 3}
--- !u!23 &237242351819115548
MeshRenderer:
  m_ObjectHideFlags: 0
  m_CorrespondingSourceObject: {fileID: 0}
  m_PrefabInstance: {fileID: 0}
  m_PrefabAsset: {fileID: 0}
  m_GameObject: {fileID: 224363507953776504}
  m_Enabled: 1
  m_CastShadows: 1
  m_ReceiveShadows: 1
  m_DynamicOccludee: 1
  m_StaticShadowCaster: 0
  m_MotionVectors: 1
  m_LightProbeUsage: 1
  m_ReflectionProbeUsage: 1
  m_RayTracingMode: 2
  m_RayTraceProcedural: 0
  m_RenderingLayerMask: 1
  m_RendererPriority: 0
  m_Materials:
  - {fileID: 2100000, guid: a79d99b17b62b174082e698a751dbdb9, type: 2}
  m_StaticBatchInfo:
    firstSubMesh: 0
    subMeshCount: 0
  m_StaticBatchRoot: {fileID: 0}
  m_ProbeAnchor: {fileID: 0}
  m_LightProbeVolumeOverride: {fileID: 0}
  m_ScaleInLightmap: 1
  m_ReceiveGI: 1
  m_PreserveUVs: 0
  m_IgnoreNormalsForChartDetection: 0
  m_ImportantGI: 0
  m_StitchLightmapSeams: 0
  m_SelectedEditorRenderState: 3
  m_MinimumChartSize: 4
  m_AutoUVMaxDistance: 0.5
  m_AutoUVMaxAngle: 89
  m_LightmapParameters: {fileID: 0}
  m_SortingLayerID: 0
  m_SortingLayer: 0
  m_SortingOrder: 0
  m_AdditionalVertexStreams: {fileID: 0}
--- !u!64 &286147770561652844
MeshCollider:
  m_ObjectHideFlags: 0
  m_CorrespondingSourceObject: {fileID: 0}
  m_PrefabInstance: {fileID: 0}
  m_PrefabAsset: {fileID: 0}
  m_GameObject: {fileID: 224363507953776504}
  m_Material: {fileID: 0}
  m_IsTrigger: 0
  m_Enabled: 1
  serializedVersion: 4
  m_Convex: 0
  m_CookingOptions: 30
  m_Mesh: {fileID: 4300000, guid: e319fe3539cef824a957717ee5b3d6bf, type: 3}
--- !u!1001 &1120705279831724479
PrefabInstance:
  m_ObjectHideFlags: 0
  serializedVersion: 2
  m_Modification:
    m_TransformParent: {fileID: 220529895963904710}
    m_Modifications:
    - target: {fileID: -6765856582775127998, guid: 962f3bc9810d72c4d85b1a53aa011d85, type: 3}
      propertyPath: key
      value: 1
      objectReference: {fileID: 0}
    - target: {fileID: 31471413258163384, guid: 962f3bc9810d72c4d85b1a53aa011d85, type: 3}
      propertyPath: m_Enabled
      value: 0
      objectReference: {fileID: 0}
    - target: {fileID: 724275319169459541, guid: 962f3bc9810d72c4d85b1a53aa011d85, type: 3}
      propertyPath: m_RootOrder
      value: 2
      objectReference: {fileID: 0}
    - target: {fileID: 724275319169459541, guid: 962f3bc9810d72c4d85b1a53aa011d85, type: 3}
      propertyPath: m_LocalPosition.x
      value: -0
      objectReference: {fileID: 0}
    - target: {fileID: 724275319169459541, guid: 962f3bc9810d72c4d85b1a53aa011d85, type: 3}
      propertyPath: m_LocalPosition.y
      value: 1.47
      objectReference: {fileID: 0}
    - target: {fileID: 724275319169459541, guid: 962f3bc9810d72c4d85b1a53aa011d85, type: 3}
      propertyPath: m_LocalPosition.z
      value: -0
      objectReference: {fileID: 0}
    - target: {fileID: 724275319169459541, guid: 962f3bc9810d72c4d85b1a53aa011d85, type: 3}
      propertyPath: m_LocalRotation.w
      value: 1
      objectReference: {fileID: 0}
    - target: {fileID: 724275319169459541, guid: 962f3bc9810d72c4d85b1a53aa011d85, type: 3}
      propertyPath: m_LocalRotation.x
      value: -0
      objectReference: {fileID: 0}
    - target: {fileID: 724275319169459541, guid: 962f3bc9810d72c4d85b1a53aa011d85, type: 3}
      propertyPath: m_LocalRotation.y
      value: -0
      objectReference: {fileID: 0}
    - target: {fileID: 724275319169459541, guid: 962f3bc9810d72c4d85b1a53aa011d85, type: 3}
      propertyPath: m_LocalRotation.z
      value: -0
      objectReference: {fileID: 0}
    - target: {fileID: 724275319169459541, guid: 962f3bc9810d72c4d85b1a53aa011d85, type: 3}
      propertyPath: m_LocalEulerAnglesHint.x
      value: 0
      objectReference: {fileID: 0}
    - target: {fileID: 724275319169459541, guid: 962f3bc9810d72c4d85b1a53aa011d85, type: 3}
      propertyPath: m_LocalEulerAnglesHint.y
      value: 0
      objectReference: {fileID: 0}
    - target: {fileID: 724275319169459541, guid: 962f3bc9810d72c4d85b1a53aa011d85, type: 3}
      propertyPath: m_LocalEulerAnglesHint.z
      value: 0
      objectReference: {fileID: 0}
    - target: {fileID: 4260348259748481163, guid: 962f3bc9810d72c4d85b1a53aa011d85, type: 3}
      propertyPath: m_Name
      value: SpawnPoint
      objectReference: {fileID: 0}
    m_RemovedComponents: []
  m_SourcePrefab: {fileID: 100100000, guid: 962f3bc9810d72c4d85b1a53aa011d85, type: 3}
--- !u!4 &396509263765959914 stripped
Transform:
  m_CorrespondingSourceObject: {fileID: 724275319169459541, guid: 962f3bc9810d72c4d85b1a53aa011d85, type: 3}
  m_PrefabInstance: {fileID: 1120705279831724479}
  m_PrefabAsset: {fileID: 0}
--- !u!1001 &1546838261664573826
PrefabInstance:
  m_ObjectHideFlags: 0
  serializedVersion: 2
  m_Modification:
    m_TransformParent: {fileID: 220529895963904710}
    m_Modifications:
    - target: {fileID: -6765856582775127998, guid: 962f3bc9810d72c4d85b1a53aa011d85, type: 3}
      propertyPath: key
      value: 1
      objectReference: {fileID: 0}
    - target: {fileID: 31471413258163384, guid: 962f3bc9810d72c4d85b1a53aa011d85, type: 3}
      propertyPath: m_Enabled
      value: 0
      objectReference: {fileID: 0}
    - target: {fileID: 724275319169459541, guid: 962f3bc9810d72c4d85b1a53aa011d85, type: 3}
      propertyPath: m_RootOrder
      value: 1
      objectReference: {fileID: 0}
    - target: {fileID: 724275319169459541, guid: 962f3bc9810d72c4d85b1a53aa011d85, type: 3}
      propertyPath: m_LocalPosition.x
      value: 1.7
      objectReference: {fileID: 0}
    - target: {fileID: 724275319169459541, guid: 962f3bc9810d72c4d85b1a53aa011d85, type: 3}
      propertyPath: m_LocalPosition.y
      value: 1.47
      objectReference: {fileID: 0}
    - target: {fileID: 724275319169459541, guid: 962f3bc9810d72c4d85b1a53aa011d85, type: 3}
      propertyPath: m_LocalPosition.z
      value: -0
      objectReference: {fileID: 0}
    - target: {fileID: 724275319169459541, guid: 962f3bc9810d72c4d85b1a53aa011d85, type: 3}
      propertyPath: m_LocalRotation.w
      value: 1
      objectReference: {fileID: 0}
    - target: {fileID: 724275319169459541, guid: 962f3bc9810d72c4d85b1a53aa011d85, type: 3}
      propertyPath: m_LocalRotation.x
      value: -0
      objectReference: {fileID: 0}
    - target: {fileID: 724275319169459541, guid: 962f3bc9810d72c4d85b1a53aa011d85, type: 3}
      propertyPath: m_LocalRotation.y
      value: -0
      objectReference: {fileID: 0}
    - target: {fileID: 724275319169459541, guid: 962f3bc9810d72c4d85b1a53aa011d85, type: 3}
      propertyPath: m_LocalRotation.z
      value: -0
      objectReference: {fileID: 0}
    - target: {fileID: 724275319169459541, guid: 962f3bc9810d72c4d85b1a53aa011d85, type: 3}
      propertyPath: m_LocalEulerAnglesHint.x
      value: 0
      objectReference: {fileID: 0}
    - target: {fileID: 724275319169459541, guid: 962f3bc9810d72c4d85b1a53aa011d85, type: 3}
      propertyPath: m_LocalEulerAnglesHint.y
      value: 0
      objectReference: {fileID: 0}
    - target: {fileID: 724275319169459541, guid: 962f3bc9810d72c4d85b1a53aa011d85, type: 3}
      propertyPath: m_LocalEulerAnglesHint.z
      value: 0
      objectReference: {fileID: 0}
    - target: {fileID: 4260348259748481163, guid: 962f3bc9810d72c4d85b1a53aa011d85, type: 3}
      propertyPath: m_Name
      value: SpawnPoint
      objectReference: {fileID: 0}
    m_RemovedComponents: []
  m_SourcePrefab: {fileID: 100100000, guid: 962f3bc9810d72c4d85b1a53aa011d85, type: 3}
--- !u!4 &2268228324139617495 stripped
Transform:
  m_CorrespondingSourceObject: {fileID: 724275319169459541, guid: 962f3bc9810d72c4d85b1a53aa011d85, type: 3}
  m_PrefabInstance: {fileID: 1546838261664573826}
  m_PrefabAsset: {fileID: 0}
--- !u!1001 &8159725259707976164
PrefabInstance:
  m_ObjectHideFlags: 0
  serializedVersion: 2
  m_Modification:
    m_TransformParent: {fileID: 220529895963904710}
    m_Modifications:
    - target: {fileID: -6765856582775127998, guid: 962f3bc9810d72c4d85b1a53aa011d85, type: 3}
      propertyPath: key
      value: 1
      objectReference: {fileID: 0}
    - target: {fileID: 31471413258163384, guid: 962f3bc9810d72c4d85b1a53aa011d85, type: 3}
      propertyPath: m_Enabled
      value: 0
      objectReference: {fileID: 0}
    - target: {fileID: 724275319169459541, guid: 962f3bc9810d72c4d85b1a53aa011d85, type: 3}
      propertyPath: m_RootOrder
      value: 0
      objectReference: {fileID: 0}
    - target: {fileID: 724275319169459541, guid: 962f3bc9810d72c4d85b1a53aa011d85, type: 3}
      propertyPath: m_LocalPosition.x
      value: -1.76
      objectReference: {fileID: 0}
    - target: {fileID: 724275319169459541, guid: 962f3bc9810d72c4d85b1a53aa011d85, type: 3}
      propertyPath: m_LocalPosition.y
      value: 1.47
      objectReference: {fileID: 0}
    - target: {fileID: 724275319169459541, guid: 962f3bc9810d72c4d85b1a53aa011d85, type: 3}
      propertyPath: m_LocalPosition.z
      value: -0
      objectReference: {fileID: 0}
    - target: {fileID: 724275319169459541, guid: 962f3bc9810d72c4d85b1a53aa011d85, type: 3}
      propertyPath: m_LocalRotation.w
      value: 1
      objectReference: {fileID: 0}
    - target: {fileID: 724275319169459541, guid: 962f3bc9810d72c4d85b1a53aa011d85, type: 3}
      propertyPath: m_LocalRotation.x
      value: -0
      objectReference: {fileID: 0}
    - target: {fileID: 724275319169459541, guid: 962f3bc9810d72c4d85b1a53aa011d85, type: 3}
      propertyPath: m_LocalRotation.y
      value: -0
      objectReference: {fileID: 0}
    - target: {fileID: 724275319169459541, guid: 962f3bc9810d72c4d85b1a53aa011d85, type: 3}
      propertyPath: m_LocalRotation.z
      value: -0
      objectReference: {fileID: 0}
    - target: {fileID: 724275319169459541, guid: 962f3bc9810d72c4d85b1a53aa011d85, type: 3}
      propertyPath: m_LocalEulerAnglesHint.x
      value: 0
      objectReference: {fileID: 0}
    - target: {fileID: 724275319169459541, guid: 962f3bc9810d72c4d85b1a53aa011d85, type: 3}
      propertyPath: m_LocalEulerAnglesHint.y
      value: 0
      objectReference: {fileID: 0}
    - target: {fileID: 724275319169459541, guid: 962f3bc9810d72c4d85b1a53aa011d85, type: 3}
      propertyPath: m_LocalEulerAnglesHint.z
      value: 0
      objectReference: {fileID: 0}
    - target: {fileID: 4260348259748481163, guid: 962f3bc9810d72c4d85b1a53aa011d85, type: 3}
      propertyPath: m_Name
      value: SpawnPoint
      objectReference: {fileID: 0}
    m_RemovedComponents: []
  m_SourcePrefab: {fileID: 100100000, guid: 962f3bc9810d72c4d85b1a53aa011d85, type: 3}
--- !u!4 &8876610761204477105 stripped
Transform:
  m_CorrespondingSourceObject: {fileID: 724275319169459541, guid: 962f3bc9810d72c4d85b1a53aa011d85, type: 3}
  m_PrefabInstance: {fileID: 8159725259707976164}
  m_PrefabAsset: {fileID: 0}
